%AC:CKKS17
@misc{cryptoeprint:2016/421,    
      author = {Jung Hee Cheon and Andrey Kim and Miran Kim and Yongsoo Song},
      title = {Homomorphic Encryption for Arithmetic of Approximate Numbers},
      howpublished = {Cryptology ePrint Archive, Paper 2016/421},
      year = {2016},
      note = {\url{https://eprint.iacr.org/2016/421}},
      url = {https://eprint.iacr.org/2016/421}
}

%JC:CGGI19
@misc{cryptoeprint:2018/421,
      author = {Ilaria Chillotti and Nicolas Gama and Mariya Georgieva and Malika Izabachène},
      title = {TFHE: Fast Fully Homomorphic Encryption over the Torus},
      howpublished = {Cryptology ePrint Archive, Paper 2018/421},
      year = {2018},
      note = {\url{https://eprint.iacr.org/2018/421}},
      url = {https://eprint.iacr.org/2018/421}
}


@inproceedings{gentry,
author = {Gentry, Craig},
year = {2009},
month = {05},
pages = {169-178},
title = {Fully Homomorphic Encryption Using Ideal Lattices},
volume = {9},
journal = {Proceedings of the Annual ACM Symposium on Theory of Computing},
doi = {10.1145/1536414.1536440}
}



@inproceedings{Regev-LWE,
  author       = {Oded Regev},
  editor       = {Harold N. Gabow and
                  Ronald Fagin},
  title        = {On lattices, learning with errors, random linear codes, and cryptography},
  booktitle    = {Proceedings of the 37th Annual {ACM} Symposium on Theory of Computing,
                  Baltimore, MD, USA, May 22-24, 2005},
  pages        = {84--93},
  publisher    = {{ACM}},
  year         = {2005},
  url          = {https://doi.org/10.1145/1060590.1060603},
  doi          = {10.1145/1060590.1060603},
  timestamp    = {Wed, 14 Nov 2018 10:51:37 +0100},
  biburl       = {https://dblp.org/rec/conf/stoc/Regev05.bib},
  bibsource    = {dblp computer science bibliography, https://dblp.org}
}



%EC:CHKKS18
@misc{bootstrap_ckks1,
      author = {Jung Hee Cheon and Kyoohyung Han and Andrey Kim and Miran Kim and Yongsoo Song},
      title = {Bootstrapping for Approximate Homomorphic Encryption},
      howpublished = {Cryptology ePrint Archive, Paper 2018/153},
      year = {2018},
      note = {\url{https://eprint.iacr.org/2018/153}},
      url = {https://eprint.iacr.org/2018/153}
}

%EC:CheChiSon19
@misc{bootstrap_ckks2, 
      author = {Hao Chen and Ilaria Chillotti and Yongsoo Song},
      title = {Improved Bootstrapping for Approximate Homomorphic Encryption},
      howpublished = {Cryptology ePrint Archive, Paper 2018/1043},
      year = {2018},
      note = {\url{https://eprint.iacr.org/2018/1043}},
      url = {https://eprint.iacr.org/2018/1043}
}


@misc{boostrap_ckks3,
      author = {Joon-Woo Lee and Eunsang Lee and Yongwoo Lee and Young-Sik Kim and Jong-Seon No},
      title = {High-Precision Bootstrapping of RNS-CKKS Homomorphic Encryption Using Optimal Minimax Polynomial Approximation and Inverse Sine Function},
      howpublished = {Cryptology ePrint Archive, Paper 2020/552},
      year = {2020},
      note = {\url{https://eprint.iacr.org/2020/552}},
      url = {https://eprint.iacr.org/2020/552}
}






@inproceedings{DBLP:conf/wahc/BalenboisOS23,
  author       = {Thibault Balenbois and
                  Jean{-}Baptiste Orfila and
                  Nigel P. Smart},
  editor       = {Michael Brenner and
                  Anamaria Costache and
                  Kurt Rohloff},
  title        = {Trivial Transciphering With Trivium and {TFHE}},
  booktitle    = {Proceedings of the 11th Workshop on Encrypted Computing {\&} Applied
                  Homomorphic Cryptography, Copenhagen, Denmark, 26 November 2023},
  pages        = {69--78},
  publisher    = {{ACM}},
  year         = {2023},
  url          = {https://doi.org/10.1145/3605759.3625255},
  doi          = {10.1145/3605759.3625255},
  timestamp    = {Sun, 10 Dec 2023 16:59:55 +0100},
  biburl       = {https://dblp.org/rec/conf/wahc/BalenboisOS23.bib},
  bibsource    = {dblp computer science bibliography, https://dblp.org}
}




@misc{cryptoeprint:2023/480,
      author = {Adda-Akram Bendoukha and Oana Stan and Renaud Sirdey and Nicolas Quero and Luciano Freitas},
      title = {Practical Homomorphic Evaluation of Block-Cipher-Based Hash Functions with Applications},
      howpublished = {Cryptology ePrint Archive, Paper 2023/480},
      year = {2023},
      doi = {10.1007/978-3-031-30122-3_6},
      note = {\url{https://eprint.iacr.org/2023/480}},
      url = {https://eprint.iacr.org/2023/480}
}


%TCHES:Joye22
@misc{tfhe-guide-joye,
      author = {Marc Joye},
      title = {Guide to Fully Homomorphic Encryption over the [Discretized] Torus},
      howpublished = {Cryptology ePrint Archive, Paper 2021/1402},
      year = {2021},
      note = {\url{https://eprint.iacr.org/2021/1402}},
      url = {https://eprint.iacr.org/2021/1402}
}

%AC:CLOT21
@misc{wop-pbs,
      author = {Ilaria Chillotti and Damien Ligier and Jean-Baptiste Orfila and Samuel Tap},
      title = {Improved Programmable Bootstrapping with Larger Precision and Efficient Arithmetic Circuits for TFHE},
      howpublished = {Cryptology ePrint Archive, Paper 2021/729},
      year = {2021},
      note = {\url{https://eprint.iacr.org/2021/729}},
      url = {https://eprint.iacr.org/2021/729}
}

@article{zama_parameters_optimization,
  author       = {Loris Bergerat and
                  Anas Boudi and
                  Quentin Bourgerie and
                  Ilaria Chillotti and
                  Damien Ligier and
                  Jean{-}Baptiste Orfila and
                  Samuel Tap},
  title        = {Parameter Optimization and Larger Precision for {(T)FHE}},
  journal      = {J. Cryptol.},
  volume       = {36},
  number       = {3},
  pages        = {28},
  year         = {2023},
}

@inproceedings{aes-original,
    author="Daemen, Joan
    and Rijmen, Vincent",
    editor="Quisquater, Jean-Jacques
    and Schneier, Bruce",
    title="The Block Cipher Rijndael",
    booktitle="Smart Card Research and Applications",
    year="2000",
    publisher="Springer Berlin Heidelberg",
    address="Berlin, Heidelberg",
    pages="277--284",
    abstract="In this paper we present the block cipher Rijndael, which is one of the fifteen candidate algorithms for the Advanced Encryption Standard (AES). We show that the cipher can be implemented very efficiently on Smart Cards.",
    isbn="978-3-540-44534-0"
}


@inproceedings{boyar,
  author       = {Joan Boyar and
                  Ren{\'{e}} Peralta},
  editor       = {Paola Festa},
  title        = {A New Combinational Logic Minimization Technique with Applications
                  to Cryptology},
  booktitle    = {Experimental Algorithms, 9th International Symposium, {SEA} 2010,
                  Ischia Island, Naples, Italy, May 20-22, 2010. Proceedings},
  series       = {Lecture Notes in Computer Science},
  volume       = {6049},
  pages        = {178--189},
  publisher    = {Springer},
  year         = {2010},
  url          = {https://doi.org/10.1007/978-3-642-13193-6\_16},
  doi          = {10.1007/978-3-642-13193-6\_16},
  timestamp    = {Fri, 03 Feb 2023 21:39:19 +0100},
  biburl       = {https://dblp.org/rec/conf/wea/BoyarP10.bib},
  bibsource    = {dblp computer science bibliography, https://dblp.org}
}


%C:GenHalSma12
@misc{gentry-aes,
      author = {Craig Gentry and Shai Halevi and Nigel P.  Smart},
      title = {Homomorphic Evaluation of the AES Circuit},
      howpublished = {Cryptology ePrint Archive, Paper 2012/099},
      year = {2012},
      note = {\url{https://eprint.iacr.org/2012/099}},
      url = {https://eprint.iacr.org/2012/099},
        shorthand = "GHS12"
}

%PKC:CorLepTib14
@misc{lepoint-aes,
      author = {Jean-Sébastien Coron and Tancrède Lepoint and Mehdi Tibouchi},
      title = {Scale-Invariant Fully Homomorphic Encryption over the Integers},
      howpublished = {Cryptology ePrint Archive, Paper 2014/032},
      year = {2014},
      note = {\url{https://eprint.iacr.org/2014/032}},
      url = {https://eprint.iacr.org/2014/032},
        shorthand = "CLT14"

}



@inproceedings{trama-aes,
  author       = {Daphn{\'{e}} Trama and
                  Pierre{-}Emmanuel Clet and
                  Aymen Boudguiga and
                  Renaud Sirdey},
  editor       = {Michael Brenner and
                  Anamaria Costache and
                  Kurt Rohloff},
  title        = {A Homomorphic {AES} Evaluation in Less than 30 Seconds by Means of
                  {TFHE}},
  booktitle    = {Proceedings of the 11th Workshop on Encrypted Computing {\&} Applied
                  Homomorphic Cryptography, Copenhagen, Denmark, 26 November 2023},
  pages        = {79--90},
  publisher    = {{ACM}},
  year         = {2023},
  url          = {https://doi.org/10.1145/3605759.3625260},
  doi          = {10.1145/3605759.3625260},
  timestamp    = {Sun, 10 Dec 2023 16:59:55 +0100},
  biburl       = {https://dblp.org/rec/conf/wahc/TramaCBS23.bib},
  bibsource    = {dblp computer science bibliography, https://dblp.org}
}




@Misc{tfhe-rs,
  title={{TFHE-rs: A Pure Rust Implementation of the TFHE Scheme for Boolean and Integer Arithmetics Over Encrypted Data}},
  author={Zama},
  year={2022},
  note={\url{https://github.com/zama-ai/tfhe-rs}},
}

@Misc{concrete-optimizer,
  title={{concrete-optimizer : Concrete Optimizer is a Rust library that find the best cryptographic parameters for a given TFHE homomorphic circuit.}},
  author={Zama},
  year={2022},
  note={\url{https://github.com/zama-ai/concrete/tree/main/compilers/concrete-optimizer}}
}


@inproceedings{simon,
  author       = {Ray Beaulieu and
                  Douglas Shors and
                  Jason Smith and
                  Stefan Treatman{-}Clark and
                  Bryan Weeks and
                  Louis Wingers},
  title        = {The {SIMON} and {SPECK} lightweight block ciphers},
  booktitle    = {Proceedings of the 52nd Annual Design Automation Conference, San Francisco,
                  CA, USA, June 7-11, 2015},
  pages        = {175:1--175:6},
  publisher    = {{ACM}},
  year         = {2015},
  url          = {https://doi.org/10.1145/2744769.2747946},
  doi          = {10.1145/2744769.2747946},
  timestamp    = {Tue, 06 Nov 2018 16:58:19 +0100},
  biburl       = {https://dblp.org/rec/conf/dac/BeaulieuSSTWW15.bib},
  bibsource    = {dblp computer science bibliography, https://dblp.org}
}



          

@inproceedings{DBLP:conf/isw/Canniere06,
  author       = {Christophe De Canni{\`{e}}re},
  editor       = {Sokratis K. Katsikas and
                  Javier L{\'{o}}pez and
                  Michael Backes and
                  Stefanos Gritzalis and
                  Bart Preneel},
  title        = {Trivium: {A} Stream Cipher Construction Inspired by Block Cipher Design
                  Principles},
  booktitle    = {Information Security, 9th International Conference, {ISC} 2006, Samos
                  Island, Greece, August 30 - September 2, 2006, Proceedings},
  series       = {Lecture Notes in Computer Science},
  volume       = {4176},
  pages        = {171--186},
  publisher    = {Springer},
  year         = {2006},
  url          = {https://doi.org/10.1007/11836810\_13},
  doi          = {10.1007/11836810\_13},
  timestamp    = {Thu, 29 Aug 2019 08:10:00 +0200},
  biburl       = {https://dblp.org/rec/conf/isw/Canniere06.bib},
  bibsource    = {dblp computer science bibliography, https://dblp.org}
}



@misc{sha-3,
    author={NIST},
    title={{SHA-3 Standard: Permutation-Based Hash and Extendable-Output Functions}},
    year={2015},
    note={\url{https://nvlpubs.nist.gov/nistpubs/FIPS/NIST.FIPS.202.pdf}}
}

@article{ascon,
  author       = {Christoph Dobraunig and
                  Maria Eichlseder and
                  Florian Mendel and
                  Martin Schl{\"{a}}ffer},
  title        = {Ascon v1.2: Lightweight Authenticated Encryption and Hashing},
  journal      = {J. Cryptol.},
  volume       = {34},
  number       = {3},
  pages        = {33},
  year         = {2021},
  url          = {https://doi.org/10.1007/s00145-021-09398-9},
  doi          = {10.1007/s00145-021-09398-9},
  timestamp    = {Mon, 28 Aug 2023 21:35:32 +0200},
  biburl       = {https://dblp.org/rec/journals/joc/DobraunigEMS21.bib},
  bibsource    = {dblp computer science bibliography, https://dblp.org}
}



@article{lattice-estimator,
  author    = {Martin R. Albrecht and Rachel Player and Sam Scott},
  title     = {On the Concrete Hardness of Learning with Errors},
  journal   = {Journal of Mathematical Cryptology},
  volume    = {9},
  number    = {3},
  pages     = {169--203},
  year      = {2015},
  month     = {October},
  issn      = {1862-2984 (Online), 1862-2976 (Print)},
  doi       = {10.1515/jmc-2015-0016},
}


@misc{TikZ:for:Cryptographers,
  author = {J\'er\'emy Jean},
  title = {{TikZ for Cryptographers}},
  howpublished = {
    \url{https://www.iacr.org/authors/tikz/}
  },
  year = {2016},
}


@misc{mixcol,
      author = {Alexander Maximov},
      title = {AES MixColumn with 92 XOR gates},
      howpublished = {Cryptology ePrint Archive, Paper 2019/833},
      year = {2019},
      note = {\url{https://eprint.iacr.org/2019/833}},
      url = {https://eprint.iacr.org/2019/833}
}


@InProceedings{MVB,
author="Carpov, Sergiu
and Izabach{\`e}ne, Malika
and Mollimard, Victor",
editor="Matsui, Mitsuru",
title="New Techniques for Multi-value Input Homomorphic Evaluation and Applications",
booktitle="Topics in Cryptology -- CT-RSA 2019",
year="2019",
publisher="Springer International Publishing",
address="Cham",
pages="106--126",
abstract="In this paper, we propose a new technique to perform several homomorphic operations in one bootstrapping call over a multi-value plaintext space. Our construction relies on the FHEW-based gate bootstrapping; we analyze its structure and propose a strategy we call multi-value bootstrapping which allows to bootstrap an arbitrary function in an efficient way.",
isbn="978-3-030-12612-4"
}
